%YAML 1.1
%TAG !u! tag:unity3d.com,2011:
--- !u!1 &1193365133398533372
GameObject:
  m_ObjectHideFlags: 0
  m_CorrespondingSourceObject: {fileID: 0}
  m_PrefabInstance: {fileID: 0}
  m_PrefabAsset: {fileID: 0}
  serializedVersion: 6
  m_Component:
  - component: {fileID: 7856203111267287562}
  m_Layer: 0
  m_Name: Doorway
  m_TagString: Untagged
  m_Icon: {fileID: 0}
  m_NavMeshLayer: 0
  m_StaticEditorFlags: 0
  m_IsActive: 1
--- !u!4 &7856203111267287562
Transform:
  m_ObjectHideFlags: 0
  m_CorrespondingSourceObject: {fileID: 0}
  m_PrefabInstance: {fileID: 0}
  m_PrefabAsset: {fileID: 0}
  m_GameObject: {fileID: 1193365133398533372}
  m_LocalRotation: {x: 0, y: 0, z: 0, w: 1}
  m_LocalPosition: {x: 0, y: 0, z: 0}
  m_LocalScale: {x: 1, y: 1, z: 1}
  m_Children:
  - {fileID: 7877386502022767221}
  - {fileID: 2446467213844556716}
  m_Father: {fileID: 1040880551139609595}
  m_RootOrder: 2
  m_LocalEulerAnglesHint: {x: 0, y: 0, z: 0}
--- !u!1 &3005907373777738905
GameObject:
  m_ObjectHideFlags: 0
  m_CorrespondingSourceObject: {fileID: 0}
  m_PrefabInstance: {fileID: 0}
  m_PrefabAsset: {fileID: 0}
  serializedVersion: 6
  m_Component:
  - component: {fileID: 9103376405175518266}
  - component: {fileID: 5154914631477999863}
  m_Layer: 0
  m_Name: Point Light
  m_TagString: Untagged
  m_Icon: {fileID: 0}
  m_NavMeshLayer: 0
  m_StaticEditorFlags: 0
  m_IsActive: 1
--- !u!4 &9103376405175518266
Transform:
  m_ObjectHideFlags: 0
  m_CorrespondingSourceObject: {fileID: 0}
  m_PrefabInstance: {fileID: 0}
  m_PrefabAsset: {fileID: 0}
  m_GameObject: {fileID: 3005907373777738905}
  m_LocalRotation: {x: 0, y: 0, z: 0, w: 1}
  m_LocalPosition: {x: 0.369, y: 0, z: 0}
  m_LocalScale: {x: 1, y: 1, z: 1}
  m_Children: []
  m_Father: {fileID: 2116492022946369476}
  m_RootOrder: 0
  m_LocalEulerAnglesHint: {x: 0, y: 0, z: 0}
--- !u!108 &5154914631477999863
Light:
  m_ObjectHideFlags: 0
  m_CorrespondingSourceObject: {fileID: 0}
  m_PrefabInstance: {fileID: 0}
  m_PrefabAsset: {fileID: 0}
  m_GameObject: {fileID: 3005907373777738905}
  m_Enabled: 1
  serializedVersion: 10
  m_Type: 2
  m_Shape: 0
  m_Color: {r: 1, g: 1, b: 1, a: 1}
  m_Intensity: 1
  m_Range: 1.15
  m_SpotAngle: 30
  m_InnerSpotAngle: 21.80208
  m_CookieSize: 10
  m_Shadows:
    m_Type: 0
    m_Resolution: -1
    m_CustomResolution: -1
    m_Strength: 1
    m_Bias: 0.05
    m_NormalBias: 0.4
    m_NearPlane: 0.2
    m_CullingMatrixOverride:
      e00: 1
      e01: 0
      e02: 0
      e03: 0
      e10: 0
      e11: 1
      e12: 0
      e13: 0
      e20: 0
      e21: 0
      e22: 1
      e23: 0
      e30: 0
      e31: 0
      e32: 0
      e33: 1
    m_UseCullingMatrixOverride: 0
  m_Cookie: {fileID: 0}
  m_DrawHalo: 0
  m_Flare: {fileID: 0}
  m_RenderMode: 0
  m_CullingMask:
    serializedVersion: 2
    m_Bits: 4294967295
  m_RenderingLayerMask: 1
  m_Lightmapping: 4
  m_LightShadowCasterMode: 0
  m_AreaSize: {x: 1, y: 1}
  m_BounceIntensity: 1
  m_ColorTemperature: 6570
  m_UseColorTemperature: 0
  m_BoundingSphereOverride: {x: 0, y: 0, z: 0, w: 0}
  m_UseBoundingSphereOverride: 0
  m_ShadowRadius: 0
  m_ShadowAngle: 0
--- !u!1 &3637159858875826065
GameObject:
  m_ObjectHideFlags: 0
  m_CorrespondingSourceObject: {fileID: 0}
  m_PrefabInstance: {fileID: 0}
  m_PrefabAsset: {fileID: 0}
  serializedVersion: 6
  m_Component:
  - component: {fileID: 1040880551139609595}
  - component: {fileID: 6969443144551029474}
  m_Layer: 0
  m_Name: Down Pathway Room
  m_TagString: Untagged
  m_Icon: {fileID: 0}
  m_NavMeshLayer: 0
  m_StaticEditorFlags: 0
  m_IsActive: 1
--- !u!4 &1040880551139609595
Transform:
  m_ObjectHideFlags: 0
  m_CorrespondingSourceObject: {fileID: 0}
  m_PrefabInstance: {fileID: 0}
  m_PrefabAsset: {fileID: 0}
  m_GameObject: {fileID: 3637159858875826065}
  m_LocalRotation: {x: 0, y: 0, z: 0, w: 1}
  m_LocalPosition: {x: -0.45, y: 0, z: 2.15}
  m_LocalScale: {x: 10, y: 10, z: 10}
  m_Children:
  - {fileID: 2012574434982015790}
  - {fileID: 2116492022946369476}
  - {fileID: 7856203111267287562}
  m_Father: {fileID: 0}
  m_RootOrder: 0
  m_LocalEulerAnglesHint: {x: 0, y: 0, z: 0}
--- !u!114 &6969443144551029474
MonoBehaviour:
  m_ObjectHideFlags: 0
  m_CorrespondingSourceObject: {fileID: 0}
  m_PrefabInstance: {fileID: 0}
  m_PrefabAsset: {fileID: 0}
  m_GameObject: {fileID: 3637159858875826065}
  m_Enabled: 1
  m_EditorHideFlags: 0
  m_Script: {fileID: 11500000, guid: 352df7d84f6e975469ca6b91f6cc072c, type: 3}
  m_Name: 
  m_EditorClassIdentifier: 
  doorWays:
  - {fileID: 6526980066685200134}
  - {fileID: 1600462850135797471}
  meshCollider: {fileID: 5104657275136894590}
--- !u!1 &5104657275136894529
GameObject:
  m_ObjectHideFlags: 0
  m_CorrespondingSourceObject: {fileID: 0}
  m_PrefabInstance: {fileID: 0}
  m_PrefabAsset: {fileID: 0}
  serializedVersion: 6
  m_Component:
  - component: {fileID: 2012574434982015790}
  - component: {fileID: 9131063413098110053}
  - component: {fileID: 3081353822403363119}
  - component: {fileID: 5104657275136894590}
  m_Layer: 0
  m_Name: Down Pathway Mesh
  m_TagString: Untagged
  m_Icon: {fileID: 0}
  m_NavMeshLayer: 0
  m_StaticEditorFlags: 0
  m_IsActive: 1
--- !u!4 &2012574434982015790
Transform:
  m_ObjectHideFlags: 0
  m_CorrespondingSourceObject: {fileID: 0}
  m_PrefabInstance: {fileID: 0}
  m_PrefabAsset: {fileID: 0}
  m_GameObject: {fileID: 5104657275136894529}
  m_LocalRotation: {x: -0.7071068, y: 0, z: 0, w: 0.7071068}
  m_LocalPosition: {x: 0, y: -0, z: 0}
  m_LocalScale: {x: 10, y: 10, z: 10}
  m_Children: []
  m_Father: {fileID: 1040880551139609595}
  m_RootOrder: 0
  m_LocalEulerAnglesHint: {x: -90, y: 0, z: 0}
--- !u!33 &9131063413098110053
MeshFilter:
  m_ObjectHideFlags: 0
  m_CorrespondingSourceObject: {fileID: 0}
  m_PrefabInstance: {fileID: 0}
  m_PrefabAsset: {fileID: 0}
  m_GameObject: {fileID: 5104657275136894529}
  m_Mesh: {fileID: -153830957423991239, guid: 99bef5ce00362da4b8c1932e253483f3, type: 3}
--- !u!23 &3081353822403363119
MeshRenderer:
  m_ObjectHideFlags: 0
  m_CorrespondingSourceObject: {fileID: 0}
  m_PrefabInstance: {fileID: 0}
  m_PrefabAsset: {fileID: 0}
  m_GameObject: {fileID: 5104657275136894529}
  m_Enabled: 1
  m_CastShadows: 1
  m_ReceiveShadows: 1
  m_DynamicOccludee: 1
  m_MotionVectors: 1
  m_LightProbeUsage: 1
  m_ReflectionProbeUsage: 1
  m_RayTracingMode: 2
  m_RenderingLayerMask: 1
  m_RendererPriority: 0
  m_Materials:
  - {fileID: 2100000, guid: ef8bd7a7138dbe44c8ec9406897b80c8, type: 2}
  m_StaticBatchInfo:
    firstSubMesh: 0
    subMeshCount: 0
  m_StaticBatchRoot: {fileID: 0}
  m_ProbeAnchor: {fileID: 0}
  m_LightProbeVolumeOverride: {fileID: 0}
  m_ScaleInLightmap: 1
  m_ReceiveGI: 1
  m_PreserveUVs: 0
  m_IgnoreNormalsForChartDetection: 0
  m_ImportantGI: 0
  m_StitchLightmapSeams: 1
  m_SelectedEditorRenderState: 3
  m_MinimumChartSize: 4
  m_AutoUVMaxDistance: 0.5
  m_AutoUVMaxAngle: 89
  m_LightmapParameters: {fileID: 0}
  m_SortingLayerID: 0
  m_SortingLayer: 0
  m_SortingOrder: 0
--- !u!64 &5104657275136894590
MeshCollider:
  m_ObjectHideFlags: 0
  m_CorrespondingSourceObject: {fileID: 0}
  m_PrefabInstance: {fileID: 0}
  m_PrefabAsset: {fileID: 0}
  m_GameObject: {fileID: 5104657275136894529}
  m_Material: {fileID: 0}
  m_IsTrigger: 0
  m_Enabled: 1
  serializedVersion: 4
  m_Convex: 0
  m_CookingOptions: 30
  m_Mesh: {fileID: -153830957423991239, guid: 99bef5ce00362da4b8c1932e253483f3, type: 3}
--- !u!1 &5513278254380057002
GameObject:
  m_ObjectHideFlags: 0
  m_CorrespondingSourceObject: {fileID: 0}
  m_PrefabInstance: {fileID: 0}
  m_PrefabAsset: {fileID: 0}
  serializedVersion: 6
  m_Component:
  - component: {fileID: 2116492022946369476}
  m_Layer: 0
  m_Name: Lights
  m_TagString: Untagged
  m_Icon: {fileID: 0}
  m_NavMeshLayer: 0
  m_StaticEditorFlags: 0
  m_IsActive: 1
--- !u!4 &2116492022946369476
Transform:
  m_ObjectHideFlags: 0
  m_CorrespondingSourceObject: {fileID: 0}
  m_PrefabInstance: {fileID: 0}
  m_PrefabAsset: {fileID: 0}
  m_GameObject: {fileID: 5513278254380057002}
  m_LocalRotation: {x: 0, y: 0, z: 0, w: 1}
  m_LocalPosition: {x: 0, y: 0, z: 0}
  m_LocalScale: {x: 1, y: 1, z: 1}
  m_Children:
  - {fileID: 9103376405175518266}
  m_Father: {fileID: 1040880551139609595}
  m_RootOrder: 1
  m_LocalEulerAnglesHint: {x: 0, y: 0, z: 0}
--- !u!1001 &4010642780873014967
PrefabInstance:
  m_ObjectHideFlags: 0
  serializedVersion: 2
  m_Modification:
    m_TransformParent: {fileID: 7856203111267287562}
    m_Modifications:
    - target: {fileID: 1610936972496573723, guid: d235673905804fd4882396005d8a7cd0,
        type: 3}
      propertyPath: m_LocalPosition.x
      value: 0.055
      objectReference: {fileID: 0}
    - target: {fileID: 1610936972496573723, guid: d235673905804fd4882396005d8a7cd0,
        type: 3}
      propertyPath: m_LocalPosition.y
      value: -0.001
      objectReference: {fileID: 0}
    - target: {fileID: 1610936972496573723, guid: d235673905804fd4882396005d8a7cd0,
        type: 3}
      propertyPath: m_LocalPosition.z
      value: 0.003
      objectReference: {fileID: 0}
    - target: {fileID: 1610936972496573723, guid: d235673905804fd4882396005d8a7cd0,
        type: 3}
      propertyPath: m_LocalRotation.x
      value: 0
      objectReference: {fileID: 0}
    - target: {fileID: 1610936972496573723, guid: d235673905804fd4882396005d8a7cd0,
        type: 3}
      propertyPath: m_LocalRotation.y
      value: -0.7071068
      objectReference: {fileID: 0}
    - target: {fileID: 1610936972496573723, guid: d235673905804fd4882396005d8a7cd0,
        type: 3}
      propertyPath: m_LocalRotation.z
      value: 0
      objectReference: {fileID: 0}
    - target: {fileID: 1610936972496573723, guid: d235673905804fd4882396005d8a7cd0,
        type: 3}
      propertyPath: m_LocalRotation.w
      value: 0.7071068
      objectReference: {fileID: 0}
    - target: {fileID: 1610936972496573723, guid: d235673905804fd4882396005d8a7cd0,
        type: 3}
      propertyPath: m_RootOrder
      value: 1
      objectReference: {fileID: 0}
    - target: {fileID: 1610936972496573723, guid: d235673905804fd4882396005d8a7cd0,
        type: 3}
      propertyPath: m_LocalEulerAnglesHint.x
      value: 0
      objectReference: {fileID: 0}
    - target: {fileID: 1610936972496573723, guid: d235673905804fd4882396005d8a7cd0,
        type: 3}
      propertyPath: m_LocalEulerAnglesHint.y
      value: -90
      objectReference: {fileID: 0}
    - target: {fileID: 1610936972496573723, guid: d235673905804fd4882396005d8a7cd0,
        type: 3}
      propertyPath: m_LocalEulerAnglesHint.z
      value: 0
      objectReference: {fileID: 0}
    - target: {fileID: 7954577091483144744, guid: d235673905804fd4882396005d8a7cd0,
        type: 3}
      propertyPath: m_Name
      value: Quad Doorway (1)
      objectReference: {fileID: 0}
    - target: {fileID: 7954577091483144744, guid: d235673905804fd4882396005d8a7cd0,
        type: 3}
      propertyPath: m_Layer
      value: 0
      objectReference: {fileID: 0}
    m_RemovedComponents: []
  m_SourcePrefab: {fileID: 100100000, guid: d235673905804fd4882396005d8a7cd0, type: 3}
--- !u!4 &2446467213844556716 stripped
Transform:
  m_CorrespondingSourceObject: {fileID: 1610936972496573723, guid: d235673905804fd4882396005d8a7cd0,
    type: 3}
  m_PrefabInstance: {fileID: 4010642780873014967}
  m_PrefabAsset: {fileID: 0}
--- !u!114 &1600462850135797471 stripped
MonoBehaviour:
  m_CorrespondingSourceObject: {fileID: 2422186902924169320, guid: d235673905804fd4882396005d8a7cd0,
    type: 3}
  m_PrefabInstance: {fileID: 4010642780873014967}
  m_PrefabAsset: {fileID: 0}
  m_GameObject: {fileID: 0}
  m_Enabled: 1
  m_EditorHideFlags: 0
  m_Script: {fileID: 11500000, guid: 4fd6e138effff6146882d65230106627, type: 3}
  m_Name: 
  m_EditorClassIdentifier: 
--- !u!1001 &8865665641092593518
PrefabInstance:
  m_ObjectHideFlags: 0
  serializedVersion: 2
  m_Modification:
    m_TransformParent: {fileID: 7856203111267287562}
    m_Modifications:
    - target: {fileID: 1610936972496573723, guid: d235673905804fd4882396005d8a7cd0,
        type: 3}
      propertyPath: m_LocalPosition.x
      value: 1.203
      objectReference: {fileID: 0}
    - target: {fileID: 1610936972496573723, guid: d235673905804fd4882396005d8a7cd0,
        type: 3}
      propertyPath: m_LocalPosition.y
      value: -0.518
      objectReference: {fileID: 0}
    - target: {fileID: 1610936972496573723, guid: d235673905804fd4882396005d8a7cd0,
        type: 3}
      propertyPath: m_LocalPosition.z
      value: 0.003
      objectReference: {fileID: 0}
    - target: {fileID: 1610936972496573723, guid: d235673905804fd4882396005d8a7cd0,
        type: 3}
      propertyPath: m_LocalRotation.x
      value: 0
      objectReference: {fileID: 0}
    - target: {fileID: 1610936972496573723, guid: d235673905804fd4882396005d8a7cd0,
        type: 3}
      propertyPath: m_LocalRotation.y
      value: 0.7071068
      objectReference: {fileID: 0}
    - target: {fileID: 1610936972496573723, guid: d235673905804fd4882396005d8a7cd0,
        type: 3}
      propertyPath: m_LocalRotation.z
      value: 0
      objectReference: {fileID: 0}
    - target: {fileID: 1610936972496573723, guid: d235673905804fd4882396005d8a7cd0,
        type: 3}
      propertyPath: m_LocalRotation.w
      value: 0.7071068
      objectReference: {fileID: 0}
    - target: {fileID: 1610936972496573723, guid: d235673905804fd4882396005d8a7cd0,
        type: 3}
      propertyPath: m_RootOrder
      value: 0
      objectReference: {fileID: 0}
    - target: {fileID: 1610936972496573723, guid: d235673905804fd4882396005d8a7cd0,
        type: 3}
      propertyPath: m_LocalEulerAnglesHint.x
      value: 0
      objectReference: {fileID: 0}
    - target: {fileID: 1610936972496573723, guid: d235673905804fd4882396005d8a7cd0,
        type: 3}
      propertyPath: m_LocalEulerAnglesHint.y
      value: 90
      objectReference: {fileID: 0}
    - target: {fileID: 1610936972496573723, guid: d235673905804fd4882396005d8a7cd0,
        type: 3}
      propertyPath: m_LocalEulerAnglesHint.z
      value: 0
      objectReference: {fileID: 0}
    - target: {fileID: 7954577091483144744, guid: d235673905804fd4882396005d8a7cd0,
        type: 3}
      propertyPath: m_Name
      value: Quad Doorway
      objectReference: {fileID: 0}
    - target: {fileID: 7954577091483144744, guid: d235673905804fd4882396005d8a7cd0,
        type: 3}
      propertyPath: m_Layer
      value: 0
      objectReference: {fileID: 0}
    m_RemovedComponents: []
  m_SourcePrefab: {fileID: 100100000, guid: d235673905804fd4882396005d8a7cd0, type: 3}
--- !u!4 &7877386502022767221 stripped
Transform:
  m_CorrespondingSourceObject: {fileID: 1610936972496573723, guid: d235673905804fd4882396005d8a7cd0,
    type: 3}
  m_PrefabInstance: {fileID: 8865665641092593518}
  m_PrefabAsset: {fileID: 0}
--- !u!114 &6526980066685200134 stripped
MonoBehaviour:
  m_CorrespondingSourceObject: {fileID: 2422186902924169320, guid: d235673905804fd4882396005d8a7cd0,
    type: 3}
  m_PrefabInstance: {fileID: 8865665641092593518}
  m_PrefabAsset: {fileID: 0}
  m_GameObject: {fileID: 0}
  m_Enabled: 1
  m_EditorHideFlags: 0
  m_Script: {fileID: 11500000, guid: 4fd6e138effff6146882d65230106627, type: 3}
  m_Name: 
  m_EditorClassIdentifier: 
