%YAML 1.1
%TAG !u! tag:unity3d.com,2011:
--- !u!1 &73023312
GameObject:
  m_ObjectHideFlags: 0
  m_CorrespondingSourceObject: {fileID: 0}
  m_PrefabInstance: {fileID: 0}
  m_PrefabAsset: {fileID: 0}
  serializedVersion: 6
  m_Component:
  - component: {fileID: 73023313}
  m_Layer: 0
  m_Name: Spawn01 (2)
  m_TagString: Untagged
  m_Icon: {fileID: 2488908585195742037, guid: 0000000000000000d000000000000000, type: 0}
  m_NavMeshLayer: 0
  m_StaticEditorFlags: 0
  m_IsActive: 1
--- !u!4 &73023313
Transform:
  m_ObjectHideFlags: 0
  m_CorrespondingSourceObject: {fileID: 0}
  m_PrefabInstance: {fileID: 0}
  m_PrefabAsset: {fileID: 0}
  m_GameObject: {fileID: 73023312}
  m_LocalRotation: {x: 0, y: 0, z: 0, w: 1}
  m_LocalPosition: {x: 0.1436, y: -0.1159, z: -0.2801}
  m_LocalScale: {x: 1, y: 1, z: 1}
  m_Children: []
  m_Father: {fileID: 2101917669}
  m_RootOrder: 2
  m_LocalEulerAnglesHint: {x: 0, y: 0, z: 0}
--- !u!1 &132159543
GameObject:
  m_ObjectHideFlags: 0
  m_CorrespondingSourceObject: {fileID: 0}
  m_PrefabInstance: {fileID: 0}
  m_PrefabAsset: {fileID: 0}
  serializedVersion: 6
  m_Component:
  - component: {fileID: 132159544}
  m_Layer: 0
  m_Name: Spawn01
  m_TagString: Untagged
  m_Icon: {fileID: 2488908585195742037, guid: 0000000000000000d000000000000000, type: 0}
  m_NavMeshLayer: 0
  m_StaticEditorFlags: 0
  m_IsActive: 1
--- !u!4 &132159544
Transform:
  m_ObjectHideFlags: 0
  m_CorrespondingSourceObject: {fileID: 0}
  m_PrefabInstance: {fileID: 0}
  m_PrefabAsset: {fileID: 0}
  m_GameObject: {fileID: 132159543}
  m_LocalRotation: {x: 0, y: 0, z: 0, w: 1}
  m_LocalPosition: {x: 0.056, y: -0.099, z: -0.255}
  m_LocalScale: {x: 1, y: 1, z: 1}
  m_Children: []
  m_Father: {fileID: 2101917669}
  m_RootOrder: 0
  m_LocalEulerAnglesHint: {x: 0, y: 0, z: 0}
--- !u!1 &1346103114
GameObject:
  m_ObjectHideFlags: 0
  m_CorrespondingSourceObject: {fileID: 0}
  m_PrefabInstance: {fileID: 0}
  m_PrefabAsset: {fileID: 0}
  serializedVersion: 6
  m_Component:
  - component: {fileID: 1346103115}
  m_Layer: 0
  m_Name: Spawn01 (3)
  m_TagString: Untagged
  m_Icon: {fileID: 2488908585195742037, guid: 0000000000000000d000000000000000, type: 0}
  m_NavMeshLayer: 0
  m_StaticEditorFlags: 0
  m_IsActive: 1
--- !u!4 &1346103115
Transform:
  m_ObjectHideFlags: 0
  m_CorrespondingSourceObject: {fileID: 0}
  m_PrefabInstance: {fileID: 0}
  m_PrefabAsset: {fileID: 0}
  m_GameObject: {fileID: 1346103114}
  m_LocalRotation: {x: 0, y: 0, z: 0, w: 1}
  m_LocalPosition: {x: -0.16, y: -0.152, z: 0.1546}
  m_LocalScale: {x: 1, y: 1, z: 1}
  m_Children: []
  m_Father: {fileID: 2101917669}
  m_RootOrder: 3
  m_LocalEulerAnglesHint: {x: 0, y: 0, z: 0}
--- !u!1 &1689643236
GameObject:
  m_ObjectHideFlags: 0
  m_CorrespondingSourceObject: {fileID: 0}
  m_PrefabInstance: {fileID: 0}
  m_PrefabAsset: {fileID: 0}
  serializedVersion: 6
  m_Component:
  - component: {fileID: 1689643237}
  m_Layer: 0
  m_Name: Spawn01 (1)
  m_TagString: Untagged
  m_Icon: {fileID: 2488908585195742037, guid: 0000000000000000d000000000000000, type: 0}
  m_NavMeshLayer: 0
  m_StaticEditorFlags: 0
  m_IsActive: 1
--- !u!4 &1689643237
Transform:
  m_ObjectHideFlags: 0
  m_CorrespondingSourceObject: {fileID: 0}
  m_PrefabInstance: {fileID: 0}
  m_PrefabAsset: {fileID: 0}
  m_GameObject: {fileID: 1689643236}
  m_LocalRotation: {x: 0, y: 0, z: 0, w: 1}
  m_LocalPosition: {x: 0.0949, y: -0.1109, z: 0.246}
  m_LocalScale: {x: 1, y: 1, z: 1}
  m_Children: []
  m_Father: {fileID: 2101917669}
  m_RootOrder: 1
  m_LocalEulerAnglesHint: {x: 0, y: 0, z: 0}
--- !u!1 &2101917668
GameObject:
  m_ObjectHideFlags: 0
  m_CorrespondingSourceObject: {fileID: 0}
  m_PrefabInstance: {fileID: 0}
  m_PrefabAsset: {fileID: 0}
  serializedVersion: 6
  m_Component:
  - component: {fileID: 2101917669}
  m_Layer: 0
  m_Name: Environment Spawn Points
  m_TagString: Untagged
  m_Icon: {fileID: 0}
  m_NavMeshLayer: 0
  m_StaticEditorFlags: 0
  m_IsActive: 1
--- !u!4 &2101917669
Transform:
  m_ObjectHideFlags: 0
  m_CorrespondingSourceObject: {fileID: 0}
  m_PrefabInstance: {fileID: 0}
  m_PrefabAsset: {fileID: 0}
  m_GameObject: {fileID: 2101917668}
  m_LocalRotation: {x: 0, y: 0, z: 0, w: 1}
  m_LocalPosition: {x: 0, y: 0, z: 0}
  m_LocalScale: {x: 1, y: 1, z: 1}
  m_Children:
  - {fileID: 132159544}
  - {fileID: 1689643237}
  - {fileID: 73023313}
  - {fileID: 1346103115}
  m_Father: {fileID: 7514811024999416249}
  m_RootOrder: 5
  m_LocalEulerAnglesHint: {x: 0, y: 0, z: 0}
--- !u!64 &4001969672193656764
MeshCollider:
  m_ObjectHideFlags: 0
  m_CorrespondingSourceObject: {fileID: 0}
  m_PrefabInstance: {fileID: 0}
  m_PrefabAsset: {fileID: 0}
  m_GameObject: {fileID: 814206747325229395}
  m_Material: {fileID: 0}
  m_IsTrigger: 0
  m_Enabled: 1
  serializedVersion: 4
  m_Convex: 0
  m_CookingOptions: 30
  m_Mesh: {fileID: -8678823145569952518, guid: ba321593ae76f5d468ed259dcf68d81b, type: 3}
--- !u!1 &879530572255243550
GameObject:
  m_ObjectHideFlags: 0
  m_CorrespondingSourceObject: {fileID: 0}
  m_PrefabInstance: {fileID: 0}
  m_PrefabAsset: {fileID: 0}
  serializedVersion: 6
  m_Component:
  - component: {fileID: 4179225323230848877}
  m_Layer: 0
  m_Name: NPC Spawn Points
  m_TagString: Untagged
  m_Icon: {fileID: 0}
  m_NavMeshLayer: 0
  m_StaticEditorFlags: 0
  m_IsActive: 1
--- !u!4 &4179225323230848877
Transform:
  m_ObjectHideFlags: 0
  m_CorrespondingSourceObject: {fileID: 0}
  m_PrefabInstance: {fileID: 0}
  m_PrefabAsset: {fileID: 0}
  m_GameObject: {fileID: 879530572255243550}
  m_LocalRotation: {x: 0, y: 0, z: 0, w: 1}
  m_LocalPosition: {x: 0, y: 0, z: 0}
  m_LocalScale: {x: 1, y: 1, z: 1}
  m_Children:
  - {fileID: 2495126765093168420}
  - {fileID: 1974181597325144090}
  - {fileID: 8907655317012093785}
  - {fileID: 7806026751310816999}
  m_Father: {fileID: 7514811024999416249}
  m_RootOrder: 3
  m_LocalEulerAnglesHint: {x: 0, y: 0, z: 0}
--- !u!1 &3083547809455049445
GameObject:
  m_ObjectHideFlags: 0
  m_CorrespondingSourceObject: {fileID: 0}
  m_PrefabInstance: {fileID: 0}
  m_PrefabAsset: {fileID: 0}
  serializedVersion: 6
  m_Component:
  - component: {fileID: 2916724835407179031}
  - component: {fileID: 3964737691037265995}
  m_Layer: 0
  m_Name: Point Light
  m_TagString: Untagged
  m_Icon: {fileID: 0}
  m_NavMeshLayer: 0
  m_StaticEditorFlags: 0
  m_IsActive: 1
--- !u!4 &2916724835407179031
Transform:
  m_ObjectHideFlags: 0
  m_CorrespondingSourceObject: {fileID: 0}
  m_PrefabInstance: {fileID: 0}
  m_PrefabAsset: {fileID: 0}
  m_GameObject: {fileID: 3083547809455049445}
  m_LocalRotation: {x: 0, y: 0, z: 0, w: 1}
  m_LocalPosition: {x: 0, y: 0, z: 0}
  m_LocalScale: {x: 1, y: 1, z: 1}
  m_Children: []
  m_Father: {fileID: 5254225066578196520}
  m_RootOrder: 0
  m_LocalEulerAnglesHint: {x: 0, y: 0, z: 0}
--- !u!108 &3964737691037265995
Light:
  m_ObjectHideFlags: 0
  m_CorrespondingSourceObject: {fileID: 0}
  m_PrefabInstance: {fileID: 0}
  m_PrefabAsset: {fileID: 0}
  m_GameObject: {fileID: 3083547809455049445}
  m_Enabled: 1
  serializedVersion: 10
  m_Type: 2
  m_Shape: 0
  m_Color: {r: 0.8490566, g: 0.77315956, b: 0.500623, a: 1}
  m_Intensity: 1
  m_Range: 10
  m_SpotAngle: 30
  m_InnerSpotAngle: 21.80208
  m_CookieSize: 10
  m_Shadows:
    m_Type: 0
    m_Resolution: -1
    m_CustomResolution: -1
    m_Strength: 1
    m_Bias: 0.05
    m_NormalBias: 0.4
    m_NearPlane: 0.2
    m_CullingMatrixOverride:
      e00: 1
      e01: 0
      e02: 0
      e03: 0
      e10: 0
      e11: 1
      e12: 0
      e13: 0
      e20: 0
      e21: 0
      e22: 1
      e23: 0
      e30: 0
      e31: 0
      e32: 0
      e33: 1
    m_UseCullingMatrixOverride: 0
  m_Cookie: {fileID: 0}
  m_DrawHalo: 0
  m_Flare: {fileID: 0}
  m_RenderMode: 0
  m_CullingMask:
    serializedVersion: 2
    m_Bits: 4294967295
  m_RenderingLayerMask: 1
  m_Lightmapping: 4
  m_LightShadowCasterMode: 0
  m_AreaSize: {x: 1, y: 1}
  m_BounceIntensity: 1
  m_ColorTemperature: 6570
  m_UseColorTemperature: 0
  m_BoundingSphereOverride: {x: 0, y: 0, z: 0, w: 0}
  m_UseBoundingSphereOverride: 0
  m_ShadowRadius: 0
  m_ShadowAngle: 0
--- !u!1 &3455471971769884662
GameObject:
  m_ObjectHideFlags: 0
  m_CorrespondingSourceObject: {fileID: 0}
  m_PrefabInstance: {fileID: 0}
  m_PrefabAsset: {fileID: 0}
  serializedVersion: 6
  m_Component:
  - component: {fileID: 5254225066578196520}
  m_Layer: 0
  m_Name: Lights
  m_TagString: Untagged
  m_Icon: {fileID: 0}
  m_NavMeshLayer: 0
  m_StaticEditorFlags: 0
  m_IsActive: 1
--- !u!4 &5254225066578196520
Transform:
  m_ObjectHideFlags: 0
  m_CorrespondingSourceObject: {fileID: 0}
  m_PrefabInstance: {fileID: 0}
  m_PrefabAsset: {fileID: 0}
  m_GameObject: {fileID: 3455471971769884662}
  m_LocalRotation: {x: 0, y: 0, z: 0, w: 1}
  m_LocalPosition: {x: 0, y: 0, z: 0}
  m_LocalScale: {x: 1, y: 1, z: 1}
  m_Children:
  - {fileID: 2916724835407179031}
  - {fileID: 7335833481944892421}
  m_Father: {fileID: 7514811024999416249}
  m_RootOrder: 2
  m_LocalEulerAnglesHint: {x: 0, y: 0, z: 0}
--- !u!1 &5695840983343727458
GameObject:
  m_ObjectHideFlags: 0
  m_CorrespondingSourceObject: {fileID: 0}
  m_PrefabInstance: {fileID: 0}
  m_PrefabAsset: {fileID: 0}
  serializedVersion: 6
  m_Component:
  - component: {fileID: 8907655317012093785}
  m_Layer: 0
  m_Name: Spawn01 (2)
  m_TagString: Untagged
  m_Icon: {fileID: 4162164826716764455, guid: 0000000000000000d000000000000000, type: 0}
  m_NavMeshLayer: 0
  m_StaticEditorFlags: 0
  m_IsActive: 1
--- !u!4 &8907655317012093785
Transform:
  m_ObjectHideFlags: 0
  m_CorrespondingSourceObject: {fileID: 0}
  m_PrefabInstance: {fileID: 0}
  m_PrefabAsset: {fileID: 0}
  m_GameObject: {fileID: 5695840983343727458}
  m_LocalRotation: {x: 0, y: 0, z: 0, w: 1}
  m_LocalPosition: {x: 0.235, y: -0.1227, z: -0.2801}
  m_LocalScale: {x: 1, y: 1, z: 1}
  m_Children: []
  m_Father: {fileID: 4179225323230848877}
  m_RootOrder: 2
  m_LocalEulerAnglesHint: {x: 0, y: 0, z: 0}
--- !u!1 &5918750222386790128
GameObject:
  m_ObjectHideFlags: 0
  m_CorrespondingSourceObject: {fileID: 0}
  m_PrefabInstance: {fileID: 0}
  m_PrefabAsset: {fileID: 0}
  serializedVersion: 6
  m_Component:
  - component: {fileID: 2495126765093168420}
  m_Layer: 0
  m_Name: Spawn01
  m_TagString: Untagged
  m_Icon: {fileID: 4162164826716764455, guid: 0000000000000000d000000000000000, type: 0}
  m_NavMeshLayer: 0
  m_StaticEditorFlags: 0
  m_IsActive: 1
--- !u!4 &2495126765093168420
Transform:
  m_ObjectHideFlags: 0
  m_CorrespondingSourceObject: {fileID: 0}
  m_PrefabInstance: {fileID: 0}
  m_PrefabAsset: {fileID: 0}
  m_GameObject: {fileID: 5918750222386790128}
  m_LocalRotation: {x: 0, y: 0, z: 0, w: 1}
  m_LocalPosition: {x: -0.055, y: -0.127, z: -0.255}
  m_LocalScale: {x: 1, y: 1, z: 1}
  m_Children: []
  m_Father: {fileID: 4179225323230848877}
  m_RootOrder: 0
  m_LocalEulerAnglesHint: {x: 0, y: 0, z: 0}
--- !u!1 &7643388828636058910
GameObject:
  m_ObjectHideFlags: 0
  m_CorrespondingSourceObject: {fileID: 0}
  m_PrefabInstance: {fileID: 0}
  m_PrefabAsset: {fileID: 0}
  serializedVersion: 6
  m_Component:
  - component: {fileID: 874418717536521540}
  m_Layer: 0
  m_Name: Doorway
  m_TagString: Untagged
  m_Icon: {fileID: 0}
  m_NavMeshLayer: 0
  m_StaticEditorFlags: 0
  m_IsActive: 1
--- !u!4 &874418717536521540
Transform:
  m_ObjectHideFlags: 0
  m_CorrespondingSourceObject: {fileID: 0}
  m_PrefabInstance: {fileID: 0}
  m_PrefabAsset: {fileID: 0}
  m_GameObject: {fileID: 7643388828636058910}
  m_LocalRotation: {x: 0, y: 0, z: 0, w: 1}
  m_LocalPosition: {x: 0, y: 0, z: 0}
  m_LocalScale: {x: 1, y: 1, z: 1}
  m_Children: []
  m_Father: {fileID: 7514811024999416249}
  m_RootOrder: 1
  m_LocalEulerAnglesHint: {x: 0, y: 0, z: 0}
--- !u!1 &8383637573893880531
GameObject:
  m_ObjectHideFlags: 0
  m_CorrespondingSourceObject: {fileID: 0}
  m_PrefabInstance: {fileID: 0}
  m_PrefabAsset: {fileID: 0}
  serializedVersion: 6
  m_Component:
  - component: {fileID: 1974181597325144090}
  m_Layer: 0
  m_Name: Spawn01 (1)
  m_TagString: Untagged
  m_Icon: {fileID: 4162164826716764455, guid: 0000000000000000d000000000000000, type: 0}
  m_NavMeshLayer: 0
  m_StaticEditorFlags: 0
  m_IsActive: 1
--- !u!4 &1974181597325144090
Transform:
  m_ObjectHideFlags: 0
  m_CorrespondingSourceObject: {fileID: 0}
  m_PrefabInstance: {fileID: 0}
  m_PrefabAsset: {fileID: 0}
  m_GameObject: {fileID: 8383637573893880531}
  m_LocalRotation: {x: 0, y: 0, z: 0, w: 1}
  m_LocalPosition: {x: 0.235, y: -0.1227, z: 0.246}
  m_LocalScale: {x: 1, y: 1, z: 1}
  m_Children: []
  m_Father: {fileID: 4179225323230848877}
  m_RootOrder: 1
  m_LocalEulerAnglesHint: {x: 0, y: 0, z: 0}
--- !u!1 &8448625845932553452
GameObject:
  m_ObjectHideFlags: 0
  m_CorrespondingSourceObject: {fileID: 0}
  m_PrefabInstance: {fileID: 0}
  m_PrefabAsset: {fileID: 0}
  serializedVersion: 6
  m_Component:
  - component: {fileID: 7514811024999416249}
  - component: {fileID: 1736013694173727439}
  - component: {fileID: 440246774880431592}
  m_Layer: 0
  m_Name: Start Room 1
  m_TagString: Untagged
  m_Icon: {fileID: 0}
  m_NavMeshLayer: 0
  m_StaticEditorFlags: 0
  m_IsActive: 1
--- !u!4 &7514811024999416249
Transform:
  m_ObjectHideFlags: 0
  m_CorrespondingSourceObject: {fileID: 0}
  m_PrefabInstance: {fileID: 0}
  m_PrefabAsset: {fileID: 0}
  m_GameObject: {fileID: 8448625845932553452}
  m_LocalRotation: {x: 0, y: 0, z: 0, w: 1}
  m_LocalPosition: {x: 0, y: 0, z: -51}
  m_LocalScale: {x: 10, y: 10, z: 10}
  m_Children:
  - {fileID: 4402265757650328384}
  - {fileID: 874418717536521540}
  - {fileID: 5254225066578196520}
  - {fileID: 4179225323230848877}
  - {fileID: 88278078862155704}
  - {fileID: 2101917669}
  m_Father: {fileID: 0}
  m_RootOrder: 0
  m_LocalEulerAnglesHint: {x: 0, y: 0, z: 0}
--- !u!114 &1736013694173727439
MonoBehaviour:
  m_ObjectHideFlags: 0
  m_CorrespondingSourceObject: {fileID: 0}
  m_PrefabInstance: {fileID: 0}
  m_PrefabAsset: {fileID: 0}
  m_GameObject: {fileID: 8448625845932553452}
  m_Enabled: 1
  m_EditorHideFlags: 0
  m_Script: {fileID: 11500000, guid: 281f7efa862069248bb5e364742c9ace, type: 3}
  m_Name: 
  m_EditorClassIdentifier: 
  doorWays:
  - {fileID: 5911107744297615734}
  meshCollider: {fileID: 4001969672193656764}
--- !u!114 &440246774880431592
MonoBehaviour:
  m_ObjectHideFlags: 0
  m_CorrespondingSourceObject: {fileID: 0}
  m_PrefabInstance: {fileID: 0}
  m_PrefabAsset: {fileID: 0}
  m_GameObject: {fileID: 8448625845932553452}
  m_Enabled: 1
  m_EditorHideFlags: 0
  m_Script: {fileID: 11500000, guid: f136099a71aa72c4c9b12e1f69baeb69, type: 3}
  m_Name: 
  m_EditorClassIdentifier: 
  NPCCharacterSpawnpoints:
  - {fileID: 2495126765093168420}
  - {fileID: 1974181597325144090}
  - {fileID: 8907655317012093785}
  - {fileID: 7806026751310816999}
  NPCCharacters:
  - {fileID: 6042193110023149821, guid: 1a1bb5b4919503543af6ed44935be784, type: 3}
  - {fileID: 3479275504623535732, guid: 43ecbe12858b4d842a3c8c01f5529b23, type: 3}
  - {fileID: 2844871180978222265, guid: 521a80636039b0a498b96f51990d55c6, type: 3}
  environmentPropsSpawnpoints:
  - {fileID: 132159544}
  - {fileID: 1689643237}
  - {fileID: 73023313}
  - {fileID: 1346103115}
  environmentProps:
  - {fileID: 100000, guid: 36f258ea05b6e8644ae91a5b98eba017, type: 3}
  - {fileID: 100000, guid: 480db41665e53e7478c2fa3aa583a1a6, type: 3}
  - {fileID: 120264, guid: 065afdc0580dbbe498b318b35d182112, type: 3}
  - {fileID: 143930, guid: 08e1ecba9be6e5b418edf1bf869b4e00, type: 3}
--- !u!1 &8616680943919650286
GameObject:
  m_ObjectHideFlags: 0
  m_CorrespondingSourceObject: {fileID: 0}
  m_PrefabInstance: {fileID: 0}
  m_PrefabAsset: {fileID: 0}
  serializedVersion: 6
  m_Component:
  - component: {fileID: 7806026751310816999}
  m_Layer: 0
  m_Name: Spawn01 (3)
  m_TagString: Untagged
  m_Icon: {fileID: 4162164826716764455, guid: 0000000000000000d000000000000000, type: 0}
  m_NavMeshLayer: 0
  m_StaticEditorFlags: 0
  m_IsActive: 1
--- !u!4 &7806026751310816999
Transform:
  m_ObjectHideFlags: 0
  m_CorrespondingSourceObject: {fileID: 0}
  m_PrefabInstance: {fileID: 0}
  m_PrefabAsset: {fileID: 0}
  m_GameObject: {fileID: 8616680943919650286}
  m_LocalRotation: {x: 0, y: 0, z: 0, w: 1}
  m_LocalPosition: {x: -0.008, y: -0.11699999, z: 0.197}
  m_LocalScale: {x: 1, y: 1, z: 1}
  m_Children: []
  m_Father: {fileID: 4179225323230848877}
  m_RootOrder: 3
  m_LocalEulerAnglesHint: {x: 0, y: 0, z: 0}
--- !u!1 &8674012227958177448
GameObject:
  m_ObjectHideFlags: 0
  m_CorrespondingSourceObject: {fileID: 0}
  m_PrefabInstance: {fileID: 0}
  m_PrefabAsset: {fileID: 0}
  serializedVersion: 6
  m_Component:
  - component: {fileID: 4112615253637511243}
  - component: {fileID: 6931481988099506868}
  m_Layer: 0
  m_Name: Point Light
  m_TagString: Untagged
  m_Icon: {fileID: 0}
  m_NavMeshLayer: 0
  m_StaticEditorFlags: 0
  m_IsActive: 1
--- !u!4 &4112615253637511243
Transform:
  m_ObjectHideFlags: 0
  m_CorrespondingSourceObject: {fileID: 0}
  m_PrefabInstance: {fileID: 0}
  m_PrefabAsset: {fileID: 0}
  m_GameObject: {fileID: 8674012227958177448}
  m_LocalRotation: {x: 0, y: 0, z: 0, w: 1}
  m_LocalPosition: {x: 0, y: 1.834, z: 0}
  m_LocalScale: {x: 1, y: 1, z: 1}
  m_Children: []
  m_Father: {fileID: 88278078862155704}
  m_RootOrder: 4
  m_LocalEulerAnglesHint: {x: 0, y: 0, z: 0}
--- !u!108 &6931481988099506868
Light:
  m_ObjectHideFlags: 0
  m_CorrespondingSourceObject: {fileID: 0}
  m_PrefabInstance: {fileID: 0}
  m_PrefabAsset: {fileID: 0}
  m_GameObject: {fileID: 8674012227958177448}
  m_Enabled: 1
  serializedVersion: 10
  m_Type: 2
  m_Shape: 0
  m_Color: {r: 1, g: 0.9222332, b: 0.5613208, a: 1}
  m_Intensity: 1
  m_Range: 10
  m_SpotAngle: 30
  m_InnerSpotAngle: 21.80208
  m_CookieSize: 10
  m_Shadows:
    m_Type: 0
    m_Resolution: -1
    m_CustomResolution: -1
    m_Strength: 1
    m_Bias: 0.05
    m_NormalBias: 0.4
    m_NearPlane: 0.2
    m_CullingMatrixOverride:
      e00: 1
      e01: 0
      e02: 0
      e03: 0
      e10: 0
      e11: 1
      e12: 0
      e13: 0
      e20: 0
      e21: 0
      e22: 1
      e23: 0
      e30: 0
      e31: 0
      e32: 0
      e33: 1
    m_UseCullingMatrixOverride: 0
  m_Cookie: {fileID: 0}
  m_DrawHalo: 0
  m_Flare: {fileID: 0}
  m_RenderMode: 0
  m_CullingMask:
    serializedVersion: 2
    m_Bits: 4294967295
  m_RenderingLayerMask: 1
  m_Lightmapping: 4
  m_LightShadowCasterMode: 0
  m_AreaSize: {x: 1, y: 1}
  m_BounceIntensity: 1
  m_ColorTemperature: 6570
  m_UseColorTemperature: 0
  m_BoundingSphereOverride: {x: 0, y: 0, z: 0, w: 0}
  m_UseBoundingSphereOverride: 0
  m_ShadowRadius: 0
  m_ShadowAngle: 0
--- !u!1001 &3911931797754034331
PrefabInstance:
  m_ObjectHideFlags: 0
  serializedVersion: 2
  m_Modification:
    m_TransformParent: {fileID: 7514811024999416249}
    m_Modifications:
    - target: {fileID: 84161668274296112, guid: 131a3c787aad05b4fbb2d39cf64c47b8,
        type: 3}
      propertyPath: m_Name
      value: Player (1)
      objectReference: {fileID: 0}
    - target: {fileID: 3994791067641145123, guid: 131a3c787aad05b4fbb2d39cf64c47b8,
        type: 3}
      propertyPath: m_LocalPosition.x
      value: -0.1751
      objectReference: {fileID: 0}
    - target: {fileID: 3994791067641145123, guid: 131a3c787aad05b4fbb2d39cf64c47b8,
        type: 3}
      propertyPath: m_LocalPosition.y
      value: -0.1634
      objectReference: {fileID: 0}
    - target: {fileID: 3994791067641145123, guid: 131a3c787aad05b4fbb2d39cf64c47b8,
        type: 3}
      propertyPath: m_LocalPosition.z
      value: 0.02
      objectReference: {fileID: 0}
    - target: {fileID: 3994791067641145123, guid: 131a3c787aad05b4fbb2d39cf64c47b8,
        type: 3}
      propertyPath: m_LocalRotation.x
      value: -0
      objectReference: {fileID: 0}
    - target: {fileID: 3994791067641145123, guid: 131a3c787aad05b4fbb2d39cf64c47b8,
        type: 3}
      propertyPath: m_LocalRotation.y
      value: 0.70189744
      objectReference: {fileID: 0}
    - target: {fileID: 3994791067641145123, guid: 131a3c787aad05b4fbb2d39cf64c47b8,
        type: 3}
      propertyPath: m_LocalRotation.z
      value: -0
      objectReference: {fileID: 0}
    - target: {fileID: 3994791067641145123, guid: 131a3c787aad05b4fbb2d39cf64c47b8,
        type: 3}
      propertyPath: m_LocalRotation.w
      value: 0.71227807
      objectReference: {fileID: 0}
    - target: {fileID: 3994791067641145123, guid: 131a3c787aad05b4fbb2d39cf64c47b8,
        type: 3}
      propertyPath: m_RootOrder
      value: 4
      objectReference: {fileID: 0}
    - target: {fileID: 3994791067641145123, guid: 131a3c787aad05b4fbb2d39cf64c47b8,
        type: 3}
      propertyPath: m_LocalEulerAnglesHint.x
      value: 0
      objectReference: {fileID: 0}
    - target: {fileID: 3994791067641145123, guid: 131a3c787aad05b4fbb2d39cf64c47b8,
        type: 3}
      propertyPath: m_LocalEulerAnglesHint.y
      value: 89.159004
      objectReference: {fileID: 0}
    - target: {fileID: 3994791067641145123, guid: 131a3c787aad05b4fbb2d39cf64c47b8,
        type: 3}
      propertyPath: m_LocalEulerAnglesHint.z
      value: 0
      objectReference: {fileID: 0}
    - target: {fileID: 3994791067641145123, guid: 131a3c787aad05b4fbb2d39cf64c47b8,
        type: 3}
      propertyPath: m_LocalScale.x
      value: 0.099999994
      objectReference: {fileID: 0}
    - target: {fileID: 3994791067641145123, guid: 131a3c787aad05b4fbb2d39cf64c47b8,
        type: 3}
      propertyPath: m_LocalScale.y
      value: 0.1
      objectReference: {fileID: 0}
    - target: {fileID: 3994791067641145123, guid: 131a3c787aad05b4fbb2d39cf64c47b8,
        type: 3}
      propertyPath: m_LocalScale.z
      value: 0.099999994
      objectReference: {fileID: 0}
    - target: {fileID: 7306394719023994925, guid: 131a3c787aad05b4fbb2d39cf64c47b8,
        type: 3}
      propertyPath: m_LocalPosition.z
      value: 0.016
      objectReference: {fileID: 0}
    - target: {fileID: 7306394719023994925, guid: 131a3c787aad05b4fbb2d39cf64c47b8,
        type: 3}
      propertyPath: m_LocalPosition.x
      value: 0.039
      objectReference: {fileID: 0}
    - target: {fileID: 7306394719023994925, guid: 131a3c787aad05b4fbb2d39cf64c47b8,
        type: 3}
      propertyPath: m_LocalPosition.y
      value: 1.6270006
      objectReference: {fileID: 0}
    - target: {fileID: 7306394719023994925, guid: 131a3c787aad05b4fbb2d39cf64c47b8,
        type: 3}
      propertyPath: m_LocalRotation.x
      value: 0.086559124
      objectReference: {fileID: 0}
    - target: {fileID: 7306394719023994925, guid: 131a3c787aad05b4fbb2d39cf64c47b8,
        type: 3}
      propertyPath: m_LocalRotation.y
      value: -0.000000029802326
      objectReference: {fileID: 0}
    - target: {fileID: 7306394719023994925, guid: 131a3c787aad05b4fbb2d39cf64c47b8,
        type: 3}
      propertyPath: m_LocalRotation.z
      value: -0.0000000037252907
      objectReference: {fileID: 0}
    - target: {fileID: 7306394719023994925, guid: 131a3c787aad05b4fbb2d39cf64c47b8,
        type: 3}
      propertyPath: m_LocalRotation.w
      value: 0.99624676
      objectReference: {fileID: 0}
    - target: {fileID: 7306394719023994925, guid: 131a3c787aad05b4fbb2d39cf64c47b8,
        type: 3}
      propertyPath: m_LocalEulerAnglesHint.x
      value: 9.931001
      objectReference: {fileID: 0}
    m_RemovedComponents: []
  m_SourcePrefab: {fileID: 100100000, guid: 131a3c787aad05b4fbb2d39cf64c47b8, type: 3}
--- !u!4 &88278078862155704 stripped
Transform:
  m_CorrespondingSourceObject: {fileID: 3994791067641145123, guid: 131a3c787aad05b4fbb2d39cf64c47b8,
    type: 3}
  m_PrefabInstance: {fileID: 3911931797754034331}
  m_PrefabAsset: {fileID: 0}
--- !u!1001 &8328614811920077086
PrefabInstance:
  m_ObjectHideFlags: 0
  serializedVersion: 2
  m_Modification:
    m_TransformParent: {fileID: 5254225066578196520}
    m_Modifications:
    - target: {fileID: 1610936972496573723, guid: d235673905804fd4882396005d8a7cd0,
        type: 3}
      propertyPath: m_LocalPosition.x
      value: 0.799
      objectReference: {fileID: 0}
    - target: {fileID: 1610936972496573723, guid: d235673905804fd4882396005d8a7cd0,
        type: 3}
      propertyPath: m_LocalPosition.y
      value: 0.046
      objectReference: {fileID: 0}
    - target: {fileID: 1610936972496573723, guid: d235673905804fd4882396005d8a7cd0,
        type: 3}
      propertyPath: m_LocalPosition.z
      value: -0.011999893
      objectReference: {fileID: 0}
    - target: {fileID: 1610936972496573723, guid: d235673905804fd4882396005d8a7cd0,
        type: 3}
      propertyPath: m_LocalRotation.x
      value: -0
      objectReference: {fileID: 0}
    - target: {fileID: 1610936972496573723, guid: d235673905804fd4882396005d8a7cd0,
        type: 3}
      propertyPath: m_LocalRotation.y
      value: 0.7071068
      objectReference: {fileID: 0}
    - target: {fileID: 1610936972496573723, guid: d235673905804fd4882396005d8a7cd0,
        type: 3}
      propertyPath: m_LocalRotation.z
      value: -0
      objectReference: {fileID: 0}
    - target: {fileID: 1610936972496573723, guid: d235673905804fd4882396005d8a7cd0,
        type: 3}
      propertyPath: m_LocalRotation.w
      value: 0.7071068
      objectReference: {fileID: 0}
    - target: {fileID: 1610936972496573723, guid: d235673905804fd4882396005d8a7cd0,
        type: 3}
      propertyPath: m_RootOrder
      value: 1
      objectReference: {fileID: 0}
    - target: {fileID: 1610936972496573723, guid: d235673905804fd4882396005d8a7cd0,
        type: 3}
      propertyPath: m_LocalEulerAnglesHint.x
      value: 0
      objectReference: {fileID: 0}
    - target: {fileID: 1610936972496573723, guid: d235673905804fd4882396005d8a7cd0,
        type: 3}
      propertyPath: m_LocalEulerAnglesHint.y
      value: 90
      objectReference: {fileID: 0}
    - target: {fileID: 1610936972496573723, guid: d235673905804fd4882396005d8a7cd0,
        type: 3}
      propertyPath: m_LocalEulerAnglesHint.z
      value: 0
      objectReference: {fileID: 0}
    - target: {fileID: 1610936972496573723, guid: d235673905804fd4882396005d8a7cd0,
        type: 3}
      propertyPath: m_LocalScale.y
      value: 0.5615887
      objectReference: {fileID: 0}
    - target: {fileID: 7954577091483144744, guid: d235673905804fd4882396005d8a7cd0,
        type: 3}
      propertyPath: m_Name
      value: Quad Doorway
      objectReference: {fileID: 0}
    m_RemovedComponents: []
  m_SourcePrefab: {fileID: 100100000, guid: d235673905804fd4882396005d8a7cd0, type: 3}
--- !u!114 &5911107744297615734 stripped
MonoBehaviour:
  m_CorrespondingSourceObject: {fileID: 2422186902924169320, guid: d235673905804fd4882396005d8a7cd0,
    type: 3}
  m_PrefabInstance: {fileID: 8328614811920077086}
  m_PrefabAsset: {fileID: 0}
  m_GameObject: {fileID: 0}
  m_Enabled: 1
  m_EditorHideFlags: 0
  m_Script: {fileID: 11500000, guid: 4fd6e138effff6146882d65230106627, type: 3}
  m_Name: 
  m_EditorClassIdentifier: 
--- !u!4 &7335833481944892421 stripped
Transform:
  m_CorrespondingSourceObject: {fileID: 1610936972496573723, guid: d235673905804fd4882396005d8a7cd0,
    type: 3}
  m_PrefabInstance: {fileID: 8328614811920077086}
  m_PrefabAsset: {fileID: 0}
--- !u!1001 &8677673074625392730
PrefabInstance:
  m_ObjectHideFlags: 0
  serializedVersion: 2
  m_Modification:
    m_TransformParent: {fileID: 7514811024999416249}
    m_Modifications:
    - target: {fileID: -4216859302048453862, guid: ba321593ae76f5d468ed259dcf68d81b,
        type: 3}
      propertyPath: m_LocalPosition.x
      value: 0
      objectReference: {fileID: 0}
    - target: {fileID: -4216859302048453862, guid: ba321593ae76f5d468ed259dcf68d81b,
        type: 3}
      propertyPath: m_LocalPosition.y
      value: 0
      objectReference: {fileID: 0}
    - target: {fileID: -4216859302048453862, guid: ba321593ae76f5d468ed259dcf68d81b,
        type: 3}
      propertyPath: m_LocalPosition.z
      value: 0
      objectReference: {fileID: 0}
    - target: {fileID: -4216859302048453862, guid: ba321593ae76f5d468ed259dcf68d81b,
        type: 3}
      propertyPath: m_LocalRotation.x
      value: -0.7071068
      objectReference: {fileID: 0}
    - target: {fileID: -4216859302048453862, guid: ba321593ae76f5d468ed259dcf68d81b,
        type: 3}
      propertyPath: m_LocalRotation.y
      value: -0
      objectReference: {fileID: 0}
    - target: {fileID: -4216859302048453862, guid: ba321593ae76f5d468ed259dcf68d81b,
        type: 3}
      propertyPath: m_LocalRotation.z
      value: -0
      objectReference: {fileID: 0}
    - target: {fileID: -4216859302048453862, guid: ba321593ae76f5d468ed259dcf68d81b,
        type: 3}
      propertyPath: m_LocalRotation.w
      value: 0.7071068
      objectReference: {fileID: 0}
    - target: {fileID: -4216859302048453862, guid: ba321593ae76f5d468ed259dcf68d81b,
        type: 3}
      propertyPath: m_RootOrder
      value: 0
      objectReference: {fileID: 0}
    - target: {fileID: -4216859302048453862, guid: ba321593ae76f5d468ed259dcf68d81b,
        type: 3}
      propertyPath: m_LocalEulerAnglesHint.x
      value: -90
      objectReference: {fileID: 0}
    - target: {fileID: -4216859302048453862, guid: ba321593ae76f5d468ed259dcf68d81b,
        type: 3}
      propertyPath: m_LocalEulerAnglesHint.y
      value: 0
      objectReference: {fileID: 0}
    - target: {fileID: -4216859302048453862, guid: ba321593ae76f5d468ed259dcf68d81b,
        type: 3}
      propertyPath: m_LocalEulerAnglesHint.z
      value: 0
      objectReference: {fileID: 0}
    - target: {fileID: -4216859302048453862, guid: ba321593ae76f5d468ed259dcf68d81b,
        type: 3}
      propertyPath: m_LocalScale.x
      value: 10
      objectReference: {fileID: 0}
    - target: {fileID: -4216859302048453862, guid: ba321593ae76f5d468ed259dcf68d81b,
        type: 3}
      propertyPath: m_LocalScale.y
      value: 10
      objectReference: {fileID: 0}
    - target: {fileID: -4216859302048453862, guid: ba321593ae76f5d468ed259dcf68d81b,
        type: 3}
      propertyPath: m_LocalScale.z
      value: 10
      objectReference: {fileID: 0}
    - target: {fileID: -1504981713932161579, guid: ba321593ae76f5d468ed259dcf68d81b,
        type: 3}
      propertyPath: m_Materials.Array.data[0]
      value: 
      objectReference: {fileID: 2100000, guid: ef8bd7a7138dbe44c8ec9406897b80c8, type: 2}
    - target: {fileID: -927199367670048503, guid: ba321593ae76f5d468ed259dcf68d81b,
        type: 3}
      propertyPath: m_Name
      value: Cave Start Mesh
      objectReference: {fileID: 0}
    m_RemovedComponents: []
  m_SourcePrefab: {fileID: 100100000, guid: ba321593ae76f5d468ed259dcf68d81b, type: 3}
--- !u!4 &4402265757650328384 stripped
Transform:
  m_CorrespondingSourceObject: {fileID: -4216859302048453862, guid: ba321593ae76f5d468ed259dcf68d81b,
    type: 3}
  m_PrefabInstance: {fileID: 8677673074625392730}
  m_PrefabAsset: {fileID: 0}
--- !u!1 &814206747325229395 stripped
GameObject:
  m_CorrespondingSourceObject: {fileID: -927199367670048503, guid: ba321593ae76f5d468ed259dcf68d81b,
    type: 3}
  m_PrefabInstance: {fileID: 8677673074625392730}
  m_PrefabAsset: {fileID: 0}
