%YAML 1.1
%TAG !u! tag:unity3d.com,2011:
--- !u!1 &4012751642327210715
GameObject:
  m_ObjectHideFlags: 0
  m_CorrespondingSourceObject: {fileID: 0}
  m_PrefabInstance: {fileID: 0}
  m_PrefabAsset: {fileID: 0}
  serializedVersion: 6
  m_Component:
  - component: {fileID: 6502115497497831934}
  m_Layer: 0
  m_Name: Lights
  m_TagString: Untagged
  m_Icon: {fileID: 0}
  m_NavMeshLayer: 0
  m_StaticEditorFlags: 0
  m_IsActive: 1
--- !u!4 &6502115497497831934
Transform:
  m_ObjectHideFlags: 0
  m_CorrespondingSourceObject: {fileID: 0}
  m_PrefabInstance: {fileID: 0}
  m_PrefabAsset: {fileID: 0}
  m_GameObject: {fileID: 4012751642327210715}
  m_LocalRotation: {x: 0, y: 0, z: 0, w: 1}
  m_LocalPosition: {x: 0, y: 0, z: 0}
  m_LocalScale: {x: 1, y: 1, z: 1}
  m_Children:
  - {fileID: 7425241979486090107}
  m_Father: {fileID: 5198515327629989085}
  m_RootOrder: 1
  m_LocalEulerAnglesHint: {x: 0, y: 0, z: 0}
--- !u!1 &4150351783332622582
GameObject:
  m_ObjectHideFlags: 0
  m_CorrespondingSourceObject: {fileID: 0}
  m_PrefabInstance: {fileID: 0}
  m_PrefabAsset: {fileID: 0}
  serializedVersion: 6
  m_Component:
  - component: {fileID: 5198515327629989085}
  - component: {fileID: 7471967222736322385}
  m_Layer: 0
  m_Name: Curved Tunnel
  m_TagString: Untagged
  m_Icon: {fileID: 0}
  m_NavMeshLayer: 0
  m_StaticEditorFlags: 0
  m_IsActive: 1
--- !u!4 &5198515327629989085
Transform:
  m_ObjectHideFlags: 0
  m_CorrespondingSourceObject: {fileID: 0}
  m_PrefabInstance: {fileID: 0}
  m_PrefabAsset: {fileID: 0}
  m_GameObject: {fileID: 4150351783332622582}
  m_LocalRotation: {x: 0, y: 0, z: 0, w: 1}
  m_LocalPosition: {x: 0, y: 0, z: 0}
  m_LocalScale: {x: 1, y: 1, z: 1}
  m_Children:
  - {fileID: 5933075945152795801}
  - {fileID: 6502115497497831934}
  - {fileID: 9204915225932750807}
  m_Father: {fileID: 0}
  m_RootOrder: 0
  m_LocalEulerAnglesHint: {x: 0, y: 0, z: 0}
--- !u!114 &7471967222736322385
MonoBehaviour:
  m_ObjectHideFlags: 0
  m_CorrespondingSourceObject: {fileID: 0}
  m_PrefabInstance: {fileID: 0}
  m_PrefabAsset: {fileID: 0}
  m_GameObject: {fileID: 4150351783332622582}
  m_Enabled: 1
  m_EditorHideFlags: 0
  m_Script: {fileID: 11500000, guid: 352df7d84f6e975469ca6b91f6cc072c, type: 3}
  m_Name: 
  m_EditorClassIdentifier: 
  doorWays:
  - {fileID: 7617573176132895841}
  - {fileID: 65202845583177853}
  meshCollider: {fileID: 7373701099584311159}
--- !u!1 &5933075945152366777
GameObject:
  m_ObjectHideFlags: 0
  m_CorrespondingSourceObject: {fileID: 0}
  m_PrefabInstance: {fileID: 0}
  m_PrefabAsset: {fileID: 0}
  serializedVersion: 6
  m_Component:
  - component: {fileID: 5933075945152795801}
  - component: {fileID: 5933075945149371579}
  - component: {fileID: 5933075945150371451}
  - component: {fileID: 7373701099584311159}
  m_Layer: 8
  m_Name: Curved Tunnel
  m_TagString: Untagged
  m_Icon: {fileID: 0}
  m_NavMeshLayer: 0
  m_StaticEditorFlags: 0
  m_IsActive: 1
--- !u!4 &5933075945152795801
Transform:
  m_ObjectHideFlags: 0
  m_CorrespondingSourceObject: {fileID: 0}
  m_PrefabInstance: {fileID: 0}
  m_PrefabAsset: {fileID: 0}
  m_GameObject: {fileID: 5933075945152366777}
  m_LocalRotation: {x: -4.32978e-17, y: 0.7071067, z: 0.7071068, w: -4.3297806e-17}
  m_LocalPosition: {x: 0, y: 0, z: 0}
  m_LocalScale: {x: 1, y: 1, z: 1}
  m_Children: []
  m_Father: {fileID: 5198515327629989085}
  m_RootOrder: 0
  m_LocalEulerAnglesHint: {x: 0, y: 0, z: 0}
--- !u!33 &5933075945149371579
MeshFilter:
  m_ObjectHideFlags: 0
  m_CorrespondingSourceObject: {fileID: 0}
  m_PrefabInstance: {fileID: 0}
  m_PrefabAsset: {fileID: 0}
  m_GameObject: {fileID: 5933075945152366777}
  m_Mesh: {fileID: 4300028, guid: 6d47a798ff5bab5488c68456937884d1, type: 3}
--- !u!23 &5933075945150371451
MeshRenderer:
  m_ObjectHideFlags: 0
  m_CorrespondingSourceObject: {fileID: 0}
  m_PrefabInstance: {fileID: 0}
  m_PrefabAsset: {fileID: 0}
  m_GameObject: {fileID: 5933075945152366777}
  m_Enabled: 1
  m_CastShadows: 1
  m_ReceiveShadows: 1
  m_DynamicOccludee: 1
  m_MotionVectors: 1
  m_LightProbeUsage: 1
  m_ReflectionProbeUsage: 1
  m_RayTracingMode: 2
  m_RenderingLayerMask: 1
  m_RendererPriority: 0
  m_Materials:
  - {fileID: 2100000, guid: f3d199ef2625ffe4cbe30b42c7a9d54f, type: 2}
  m_StaticBatchInfo:
    firstSubMesh: 0
    subMeshCount: 0
  m_StaticBatchRoot: {fileID: 0}
  m_ProbeAnchor: {fileID: 0}
  m_LightProbeVolumeOverride: {fileID: 0}
  m_ScaleInLightmap: 1
  m_ReceiveGI: 1
  m_PreserveUVs: 0
  m_IgnoreNormalsForChartDetection: 0
  m_ImportantGI: 0
  m_StitchLightmapSeams: 1
  m_SelectedEditorRenderState: 3
  m_MinimumChartSize: 4
  m_AutoUVMaxDistance: 0.5
  m_AutoUVMaxAngle: 89
  m_LightmapParameters: {fileID: 0}
  m_SortingLayerID: 0
  m_SortingLayer: 0
  m_SortingOrder: 0
--- !u!64 &7373701099584311159
MeshCollider:
  m_ObjectHideFlags: 0
  m_CorrespondingSourceObject: {fileID: 0}
  m_PrefabInstance: {fileID: 0}
  m_PrefabAsset: {fileID: 0}
  m_GameObject: {fileID: 5933075945152366777}
  m_Material: {fileID: 0}
  m_IsTrigger: 0
  m_Enabled: 1
  serializedVersion: 4
  m_Convex: 1
  m_CookingOptions: 30
  m_Mesh: {fileID: 4300028, guid: 6d47a798ff5bab5488c68456937884d1, type: 3}
--- !u!1 &5958165311016414916
GameObject:
  m_ObjectHideFlags: 0
  m_CorrespondingSourceObject: {fileID: 0}
  m_PrefabInstance: {fileID: 0}
  m_PrefabAsset: {fileID: 0}
  serializedVersion: 6
  m_Component:
  - component: {fileID: 7425241979486090107}
  - component: {fileID: 8189882260547377273}
  m_Layer: 0
  m_Name: Point Light
  m_TagString: Untagged
  m_Icon: {fileID: 0}
  m_NavMeshLayer: 0
  m_StaticEditorFlags: 0
  m_IsActive: 1
--- !u!4 &7425241979486090107
Transform:
  m_ObjectHideFlags: 0
  m_CorrespondingSourceObject: {fileID: 0}
  m_PrefabInstance: {fileID: 0}
  m_PrefabAsset: {fileID: 0}
  m_GameObject: {fileID: 5958165311016414916}
  m_LocalRotation: {x: 0, y: 0, z: 0, w: 1}
  m_LocalPosition: {x: -0.18, y: 1.56, z: -0.47}
  m_LocalScale: {x: 1, y: 1, z: 1}
  m_Children: []
  m_Father: {fileID: 6502115497497831934}
  m_RootOrder: 0
  m_LocalEulerAnglesHint: {x: 0, y: 0, z: 0}
--- !u!108 &8189882260547377273
Light:
  m_ObjectHideFlags: 0
  m_CorrespondingSourceObject: {fileID: 0}
  m_PrefabInstance: {fileID: 0}
  m_PrefabAsset: {fileID: 0}
  m_GameObject: {fileID: 5958165311016414916}
  m_Enabled: 1
  serializedVersion: 10
  m_Type: 2
  m_Shape: 0
  m_Color: {r: 1, g: 1, b: 1, a: 1}
  m_Intensity: 1.52
  m_Range: 13
  m_SpotAngle: 30
  m_InnerSpotAngle: 21.80208
  m_CookieSize: 10
  m_Shadows:
    m_Type: 0
    m_Resolution: -1
    m_CustomResolution: -1
    m_Strength: 1
    m_Bias: 0.05
    m_NormalBias: 0.4
    m_NearPlane: 0.2
    m_CullingMatrixOverride:
      e00: 1
      e01: 0
      e02: 0
      e03: 0
      e10: 0
      e11: 1
      e12: 0
      e13: 0
      e20: 0
      e21: 0
      e22: 1
      e23: 0
      e30: 0
      e31: 0
      e32: 0
      e33: 1
    m_UseCullingMatrixOverride: 0
  m_Cookie: {fileID: 0}
  m_DrawHalo: 0
  m_Flare: {fileID: 0}
  m_RenderMode: 0
  m_CullingMask:
    serializedVersion: 2
    m_Bits: 4294967295
  m_RenderingLayerMask: 1
  m_Lightmapping: 4
  m_LightShadowCasterMode: 0
  m_AreaSize: {x: 1, y: 1}
  m_BounceIntensity: 1
  m_ColorTemperature: 6570
  m_UseColorTemperature: 0
  m_BoundingSphereOverride: {x: 0, y: 0, z: 0, w: 0}
  m_UseBoundingSphereOverride: 0
  m_ShadowRadius: 0
  m_ShadowAngle: 0
--- !u!1 &7328820757681209400
GameObject:
  m_ObjectHideFlags: 0
  m_CorrespondingSourceObject: {fileID: 0}
  m_PrefabInstance: {fileID: 0}
  m_PrefabAsset: {fileID: 0}
  serializedVersion: 6
  m_Component:
  - component: {fileID: 9204915225932750807}
  m_Layer: 0
  m_Name: Doorways
  m_TagString: Untagged
  m_Icon: {fileID: 0}
  m_NavMeshLayer: 0
  m_StaticEditorFlags: 0
  m_IsActive: 1
--- !u!4 &9204915225932750807
Transform:
  m_ObjectHideFlags: 0
  m_CorrespondingSourceObject: {fileID: 0}
  m_PrefabInstance: {fileID: 0}
  m_PrefabAsset: {fileID: 0}
  m_GameObject: {fileID: 7328820757681209400}
  m_LocalRotation: {x: 0, y: 0, z: 0, w: 1}
  m_LocalPosition: {x: 0, y: 0, z: 0}
  m_LocalScale: {x: 1, y: 1, z: 1}
  m_Children:
  - {fileID: 7452901303740020649}
  - {fileID: 1026448988034714549}
  m_Father: {fileID: 5198515327629989085}
  m_RootOrder: 2
  m_LocalEulerAnglesHint: {x: 0, y: 0, z: 0}
--- !u!1001 &3971693200676149986
PrefabInstance:
  m_ObjectHideFlags: 0
  serializedVersion: 2
  m_Modification:
    m_TransformParent: {fileID: 9204915225932750807}
    m_Modifications:
    - target: {fileID: 2116715006659168432, guid: 11b49ac0bf6a7e74689eea7fcc6e5ec6,
        type: 3}
      propertyPath: m_Name
      value: Doorway (1)
      objectReference: {fileID: 0}
    - target: {fileID: 4116540777075347799, guid: 11b49ac0bf6a7e74689eea7fcc6e5ec6,
        type: 3}
      propertyPath: m_LocalPosition.x
      value: 2.159
      objectReference: {fileID: 0}
    - target: {fileID: 4116540777075347799, guid: 11b49ac0bf6a7e74689eea7fcc6e5ec6,
        type: 3}
      propertyPath: m_LocalPosition.y
      value: 0.22
      objectReference: {fileID: 0}
    - target: {fileID: 4116540777075347799, guid: 11b49ac0bf6a7e74689eea7fcc6e5ec6,
        type: 3}
      propertyPath: m_LocalPosition.z
      value: 1.04
      objectReference: {fileID: 0}
    - target: {fileID: 4116540777075347799, guid: 11b49ac0bf6a7e74689eea7fcc6e5ec6,
        type: 3}
      propertyPath: m_LocalRotation.x
      value: 0
      objectReference: {fileID: 0}
    - target: {fileID: 4116540777075347799, guid: 11b49ac0bf6a7e74689eea7fcc6e5ec6,
        type: 3}
      propertyPath: m_LocalRotation.y
      value: 0.7071068
      objectReference: {fileID: 0}
    - target: {fileID: 4116540777075347799, guid: 11b49ac0bf6a7e74689eea7fcc6e5ec6,
        type: 3}
      propertyPath: m_LocalRotation.z
      value: 0
      objectReference: {fileID: 0}
    - target: {fileID: 4116540777075347799, guid: 11b49ac0bf6a7e74689eea7fcc6e5ec6,
        type: 3}
      propertyPath: m_LocalRotation.w
      value: 0.7071068
      objectReference: {fileID: 0}
    - target: {fileID: 4116540777075347799, guid: 11b49ac0bf6a7e74689eea7fcc6e5ec6,
        type: 3}
      propertyPath: m_RootOrder
      value: 1
      objectReference: {fileID: 0}
    - target: {fileID: 4116540777075347799, guid: 11b49ac0bf6a7e74689eea7fcc6e5ec6,
        type: 3}
      propertyPath: m_LocalEulerAnglesHint.x
      value: 0
      objectReference: {fileID: 0}
    - target: {fileID: 4116540777075347799, guid: 11b49ac0bf6a7e74689eea7fcc6e5ec6,
        type: 3}
      propertyPath: m_LocalEulerAnglesHint.y
      value: 90
      objectReference: {fileID: 0}
    - target: {fileID: 4116540777075347799, guid: 11b49ac0bf6a7e74689eea7fcc6e5ec6,
        type: 3}
      propertyPath: m_LocalEulerAnglesHint.z
      value: 0
      objectReference: {fileID: 0}
    m_RemovedComponents: []
  m_SourcePrefab: {fileID: 100100000, guid: 11b49ac0bf6a7e74689eea7fcc6e5ec6, type: 3}
--- !u!4 &1026448988034714549 stripped
Transform:
  m_CorrespondingSourceObject: {fileID: 4116540777075347799, guid: 11b49ac0bf6a7e74689eea7fcc6e5ec6,
    type: 3}
  m_PrefabInstance: {fileID: 3971693200676149986}
  m_PrefabAsset: {fileID: 0}
--- !u!114 &65202845583177853 stripped
MonoBehaviour:
  m_CorrespondingSourceObject: {fileID: 4033514738732671647, guid: 11b49ac0bf6a7e74689eea7fcc6e5ec6,
    type: 3}
  m_PrefabInstance: {fileID: 3971693200676149986}
  m_PrefabAsset: {fileID: 0}
  m_GameObject: {fileID: 0}
  m_Enabled: 1
  m_EditorHideFlags: 0
  m_Script: {fileID: 11500000, guid: 4fd6e138effff6146882d65230106627, type: 3}
  m_Name: 
  m_EditorClassIdentifier: 
--- !u!1001 &6795617623859308286
PrefabInstance:
  m_ObjectHideFlags: 0
  serializedVersion: 2
  m_Modification:
    m_TransformParent: {fileID: 9204915225932750807}
    m_Modifications:
    - target: {fileID: 2116715006659168432, guid: 11b49ac0bf6a7e74689eea7fcc6e5ec6,
        type: 3}
      propertyPath: m_Name
      value: Doorway
      objectReference: {fileID: 0}
    - target: {fileID: 4116540777075347799, guid: 11b49ac0bf6a7e74689eea7fcc6e5ec6,
        type: 3}
      propertyPath: m_LocalPosition.x
      value: -1.1
      objectReference: {fileID: 0}
    - target: {fileID: 4116540777075347799, guid: 11b49ac0bf6a7e74689eea7fcc6e5ec6,
        type: 3}
      propertyPath: m_LocalPosition.y
      value: 0.22
      objectReference: {fileID: 0}
    - target: {fileID: 4116540777075347799, guid: 11b49ac0bf6a7e74689eea7fcc6e5ec6,
        type: 3}
      propertyPath: m_LocalPosition.z
      value: -2.33
      objectReference: {fileID: 0}
    - target: {fileID: 4116540777075347799, guid: 11b49ac0bf6a7e74689eea7fcc6e5ec6,
        type: 3}
      propertyPath: m_LocalRotation.x
      value: 0
      objectReference: {fileID: 0}
    - target: {fileID: 4116540777075347799, guid: 11b49ac0bf6a7e74689eea7fcc6e5ec6,
        type: 3}
      propertyPath: m_LocalRotation.y
      value: 1
      objectReference: {fileID: 0}
    - target: {fileID: 4116540777075347799, guid: 11b49ac0bf6a7e74689eea7fcc6e5ec6,
        type: 3}
      propertyPath: m_LocalRotation.z
      value: 0
      objectReference: {fileID: 0}
    - target: {fileID: 4116540777075347799, guid: 11b49ac0bf6a7e74689eea7fcc6e5ec6,
        type: 3}
      propertyPath: m_LocalRotation.w
      value: 0
      objectReference: {fileID: 0}
    - target: {fileID: 4116540777075347799, guid: 11b49ac0bf6a7e74689eea7fcc6e5ec6,
        type: 3}
      propertyPath: m_RootOrder
      value: 0
      objectReference: {fileID: 0}
    - target: {fileID: 4116540777075347799, guid: 11b49ac0bf6a7e74689eea7fcc6e5ec6,
        type: 3}
      propertyPath: m_LocalEulerAnglesHint.x
      value: 0
      objectReference: {fileID: 0}
    - target: {fileID: 4116540777075347799, guid: 11b49ac0bf6a7e74689eea7fcc6e5ec6,
        type: 3}
      propertyPath: m_LocalEulerAnglesHint.y
      value: 180
      objectReference: {fileID: 0}
    - target: {fileID: 4116540777075347799, guid: 11b49ac0bf6a7e74689eea7fcc6e5ec6,
        type: 3}
      propertyPath: m_LocalEulerAnglesHint.z
      value: 0
      objectReference: {fileID: 0}
    m_RemovedComponents: []
  m_SourcePrefab: {fileID: 100100000, guid: 11b49ac0bf6a7e74689eea7fcc6e5ec6, type: 3}
--- !u!4 &7452901303740020649 stripped
Transform:
  m_CorrespondingSourceObject: {fileID: 4116540777075347799, guid: 11b49ac0bf6a7e74689eea7fcc6e5ec6,
    type: 3}
  m_PrefabInstance: {fileID: 6795617623859308286}
  m_PrefabAsset: {fileID: 0}
--- !u!114 &7617573176132895841 stripped
MonoBehaviour:
  m_CorrespondingSourceObject: {fileID: 4033514738732671647, guid: 11b49ac0bf6a7e74689eea7fcc6e5ec6,
    type: 3}
  m_PrefabInstance: {fileID: 6795617623859308286}
  m_PrefabAsset: {fileID: 0}
  m_GameObject: {fileID: 0}
  m_Enabled: 1
  m_EditorHideFlags: 0
  m_Script: {fileID: 11500000, guid: 4fd6e138effff6146882d65230106627, type: 3}
  m_Name: 
  m_EditorClassIdentifier: 
